
   <marc:record>
      <marc:leader>00000nam  2200361Ii 4500</marc:leader>
      <marc:controlfield tag="006">m|||||o||d |||||||</marc:controlfield>
      <marc:controlfield tag="007">cr |||||||||||</marc:controlfield>
      <marc:controlfield tag="008">130321s2014\\\\xxu\\\\\om\\\\\\\\\\eng\d</marc:controlfield>
      <marc:datafield tag="040" ind1="" ind2="">
         <marc:subfield code="a">TFW</marc:subfield>
         <marc:subfield code="b">eng</marc:subfield>
         <marc:subfield code="e">rda</marc:subfield>
         <marc:subfield code="c">TFW</marc:subfield>
      </marc:datafield>
      <marc:datafield tag="042" ind1="" ind2="">
         <marc:subfield code="a">dc</marc:subfield>
      </marc:datafield>
      <marc:datafield tag="100" ind1="1" ind2="">
         <marc:subfield code="a">Brumberg, Alexandra</marc:subfield>
      </marc:datafield>
      <marc:datafield tag="245" ind1="1" ind2="0">
         <marc:subfield code="a">Revealing the Surface Structure of Hexagonal Ice through Polymer Etching /</marc:subfield>
         <marc:subfield code="c">Alexandra Brumberg.</marc:subfield>
      </marc:datafield>
      <marc:datafield tag="264" ind1="" ind2="1">
         <marc:subfield code="c">2015.</marc:subfield>
      </marc:datafield>
      <marc:datafield tag="300" ind1="" ind2="">
         <marc:subfield code="a">1 online resource.</marc:subfield>
      </marc:datafield>
      <marc:datafield tag="336" ind1="" ind2="">
         <marc:subfield code="a">text</marc:subfield>
         <marc:subfield code="b">txt</marc:subfield>
         <marc:subfield code="2">rdacontent</marc:subfield>
      </marc:datafield>
      <marc:datafield tag="337" ind1="" ind2="">
         <marc:subfield code="a">computer</marc:subfield>
         <marc:subfield code="b">c</marc:subfield>
         <marc:subfield code="2">rdamedia</marc:subfield>
      </marc:datafield>
      <marc:datafield tag="338" ind1="" ind2="">
         <marc:subfield code="a">online resource</marc:subfield>
         <marc:subfield code="b">cr</marc:subfield>
         <marc:subfield code="2">rdacarrier</marc:subfield>
      </marc:datafield>
      <marc:datafield tag="500" ind1="" ind2="">
         <marc:subfield code="a"/>
      </marc:datafield>
      <marc:datafield tag="502" ind1="" ind2="">
         <marc:subfield code="a">Summer Scholars Program -- Tufts University, 2015.</marc:subfield>
      </marc:datafield>
      <marc:datafield tag="520" ind1="" ind2="">
         <marc:subfield code="a">The orientation of the crystalline lattice of hexagonal ice can be determined through a surface etching technique. Coating the ice surface with a polymer induces the formation of etch pits whose geometry can be used to calculate the precise orientation of the crystalline lattice within the macroscopic sample. Knowing this orientation provides the necessary information to determine how to expose any desired face. Submitted in partial fulfillment of the grant requirement of the Tufts Summer Scholars Program.</marc:subfield>
      </marc:datafield>
      <marc:datafield tag="650" ind1="" ind2="0">
         <marc:subfield code="a">Tufts University. Department of Chemistry.</marc:subfield>
      </marc:datafield>
      <marc:datafield tag="650" ind1="" ind2="0">
         <marc:subfield code="a">Tufts University. Department of Mathematics.</marc:subfield>
      </marc:datafield>
      <marc:datafield tag="650" ind1="" ind2="0">
         <marc:subfield code="a">Ice</marc:subfield><marc:subfield code="x">Research.</marc:subfield>
      </marc:datafield>
      <marc:datafield tag="650" ind1="" ind2="0">
         <marc:subfield code="a">Ice crystals</marc:subfield>
      </marc:datafield>
      <marc:datafield tag="655" ind1="" ind2="7">
         <marc:subfield code="a">Electronic dissertations.</marc:subfield>
         <marc:subfield code="2">lcgft</marc:subfield>
      </marc:datafield>
      <marc:datafield tag="655" ind1="" ind2="7">
         <marc:subfield code="a">Tufts dissertations and theses.</marc:subfield>
         <marc:subfield code="2">local</marc:subfield>
      </marc:datafield>
      <marc:datafield tag="856" ind1="4" ind2="0">
         <marc:subfield code="z">Full Text -- Tufts Digital Library</marc:subfield>
         <marc:subfield code="u">http://hdl.handle.net/10427/008323</marc:subfield>
      </marc:datafield>
      <marc:datafield tag="910" ind1="" ind2="">
         <marc:subfield code="a">Title also cataloged in DL by Tisch.</marc:subfield>
      </marc:datafield>
   </marc:record>