
   <marc:record>
      <marc:leader>00000nam  2200361Ii 4500</marc:leader>
      <marc:controlfield tag="006">m|||||o||d |||||||</marc:controlfield>
      <marc:controlfield tag="007">cr |||||||||||</marc:controlfield>
      <marc:controlfield tag="008">130321s2014\\\\xxu\\\\\om\\\\\\\\\\eng\d</marc:controlfield>
      <marc:datafield tag="040" ind1="" ind2="">
         <marc:subfield code="a">TFW</marc:subfield>
         <marc:subfield code="b">eng</marc:subfield>
         <marc:subfield code="e">rda</marc:subfield>
         <marc:subfield code="c">TFW</marc:subfield>
      </marc:datafield>
      <marc:datafield tag="042" ind1="" ind2="">
         <marc:subfield code="a">dc</marc:subfield>
      </marc:datafield>
      <marc:datafield tag="100" ind1="1" ind2="">
         <marc:subfield code="a">Riel, Rayn B.</marc:subfield>
      </marc:datafield>
      <marc:datafield tag="245" ind1="1" ind2="0">
         <marc:subfield code="a">(Re)New Your City, New York City: Transporting Transformation Hubs /</marc:subfield>
         <marc:subfield code="c">Rayn B. Riel.</marc:subfield>
      </marc:datafield>
      <marc:datafield tag="264" ind1="" ind2="1">
         <marc:subfield code="c">2015.</marc:subfield>
      </marc:datafield>
      <marc:datafield tag="300" ind1="" ind2="">
         <marc:subfield code="a">1 online resource.</marc:subfield>
      </marc:datafield>
      <marc:datafield tag="336" ind1="" ind2="">
         <marc:subfield code="a">text</marc:subfield>
         <marc:subfield code="b">txt</marc:subfield>
         <marc:subfield code="2">rdacontent</marc:subfield>
      </marc:datafield>
      <marc:datafield tag="337" ind1="" ind2="">
         <marc:subfield code="a">computer</marc:subfield>
         <marc:subfield code="b">c</marc:subfield>
         <marc:subfield code="2">rdamedia</marc:subfield>
      </marc:datafield>
      <marc:datafield tag="338" ind1="" ind2="">
         <marc:subfield code="a">online resource</marc:subfield>
         <marc:subfield code="b">cr</marc:subfield>
         <marc:subfield code="2">rdacarrier</marc:subfield>
      </marc:datafield>
      <marc:datafield tag="500" ind1="" ind2="">
         <marc:subfield code="a"/>
      </marc:datafield>
      <marc:datafield tag="502" ind1="" ind2="">
         <marc:subfield code="a">Senior honors thesis -- Tufts University, 2015.</marc:subfield>
      </marc:datafield>
      <marc:datafield tag="520" ind1="" ind2="">
         <marc:subfield code="a">New York's Metropolitan Transportation Authority (MTA) is constantly running trains, but it is also constantly running a deficit. Unlike profitable transportation companies, such as the Hong Kong Mass Transit Railway (MTR), the MTA has few valuable real estate assets which could be adequately transformed into transit-oriented and transit-owned joint development hubs. Similar to other U.S. public transportation agencies, space for pragmatic and profitable commercial activities - including shops and offices operating on agency-owned land - is limited to a few select stations, yards, concourses, and passageways, because most profitable assets from private predecessors were sold decades ago. However, while the MTA's ability to remain revenue-positive or self-sufficient through real estate development is stymied, the MTA has been capitalizing upon its few existing assets for additional revenue. This process, however, in coordination with the City of New York in order to develop value capture mechanisms, is lengthy and cumbersome. The MTA has not developed the resources needed to develop property. This Senior Honors Thesis elucidates how the MTA can overcome organizational barriers in order to contextually 'transport' the MTA's limited portfolio of assets into 'transformation hubs', and in order to do so, advocate for a privatized, profitable, and independent real estate development division of the MTA, chartered for real estate development. While there is 'room' for improvement, institutional barriers ranging from NIMBYism and a fear of density to antiquated zoning laws, financing requirements, and a lack of communication among the City, State, MTA, and developers would need to be transcended through coordinated reformation efforts. The MTA's collective mindset must be renewed for a 21st century narrative, in which the MTA also considers itself a top tier real estate developer.</marc:subfield>
      </marc:datafield>
      <marc:datafield tag="590" ind1="" ind2="">
         <marc:subfield code="a">Tufts Senior Honors thesis.</marc:subfield>
      </marc:datafield>
      <marc:datafield tag="610" ind1="1" ind2="0">
         <marc:subfield code="a">New York (State). Metropolitan Transportation Authority.</marc:subfield>
      </marc:datafield>
      <marc:datafield tag="650" ind1="" ind2="0">
         <marc:subfield code="a">Transportation</marc:subfield><marc:subfield code="x">New York (State)</marc:subfield><marc:subfield code="x">New York</marc:subfield><marc:subfield code="x">21st century.</marc:subfield>
      </marc:datafield>
      <marc:datafield tag="655" ind1="" ind2="7">
         <marc:subfield code="a">Electronic dissertations.</marc:subfield>
         <marc:subfield code="2">lcgft</marc:subfield>
      </marc:datafield>
      <marc:datafield tag="655" ind1="" ind2="7">
         <marc:subfield code="a">Tufts dissertations and theses.</marc:subfield>
         <marc:subfield code="2">local</marc:subfield>
      </marc:datafield>
      <marc:datafield tag="710" ind1="2" ind2="">
         <marc:subfield code="a">Tufts University. Center for Interdisciplinary Studies.</marc:subfield>
      </marc:datafield>
      <marc:datafield tag="856" ind1="4" ind2="0">
         <marc:subfield code="z">Full Text -- Tufts Digital Library</marc:subfield>
         <marc:subfield code="u">http://hdl.handle.net/10427/001142</marc:subfield>
      </marc:datafield>
      <marc:datafield tag="910" ind1="" ind2="">
         <marc:subfield code="a">Title also cataloged in DL by Tisch.</marc:subfield>
      </marc:datafield>
   </marc:record>