
   <marc:record>
      <marc:leader>00000nam  2200361Ii 4500</marc:leader>
      <marc:controlfield tag="006">m|||||o||d |||||||</marc:controlfield>
      <marc:controlfield tag="007">cr |||||||||||</marc:controlfield>
      <marc:controlfield tag="008">130321s2014\\\\xxu\\\\\om\\\\\\\\\\eng\d</marc:controlfield>
      <marc:datafield tag="040" ind1="" ind2="">
         <marc:subfield code="a">TFW</marc:subfield>
         <marc:subfield code="b">eng</marc:subfield>
         <marc:subfield code="e">rda</marc:subfield>
         <marc:subfield code="c">TFW</marc:subfield>
      </marc:datafield>
      <marc:datafield tag="042" ind1="" ind2="">
         <marc:subfield code="a">dc</marc:subfield>
      </marc:datafield>
      <marc:datafield tag="100" ind1="1" ind2="">
         <marc:subfield code="a">Navon, Maya</marc:subfield>
      </marc:datafield>
      <marc:datafield tag="245" ind1="1" ind2="0">
         <marc:subfield code="a">The Holocaust on Screen: Examining the lens of genocide, tragedy, and remembrance and the making of the film 'The Inheritors: A Return to Bergen-Belsen'</marc:subfield>
         <marc:subfield code="c">Maya Navon.</marc:subfield>
      </marc:datafield>
      <marc:datafield tag="264" ind1="" ind2="1">
         <marc:subfield code="c">2015.</marc:subfield>
      </marc:datafield>
      <marc:datafield tag="300" ind1="" ind2="">
         <marc:subfield code="a">1 online resource.</marc:subfield>
      </marc:datafield>
      <marc:datafield tag="336" ind1="" ind2="">
         <marc:subfield code="a">text</marc:subfield>
         <marc:subfield code="b">txt</marc:subfield>
         <marc:subfield code="2">rdacontent</marc:subfield>
      </marc:datafield>
      <marc:datafield tag="337" ind1="" ind2="">
         <marc:subfield code="a">computer</marc:subfield>
         <marc:subfield code="b">c</marc:subfield>
         <marc:subfield code="2">rdamedia</marc:subfield>
      </marc:datafield>
      <marc:datafield tag="338" ind1="" ind2="">
         <marc:subfield code="a">online resource</marc:subfield>
         <marc:subfield code="b">cr</marc:subfield>
         <marc:subfield code="2">rdacarrier</marc:subfield>
      </marc:datafield>
      <marc:datafield tag="500" ind1="" ind2="">
         <marc:subfield code="a"/>
      </marc:datafield>
      <marc:datafield tag="502" ind1="" ind2="">
         <marc:subfield code="a">Senior honors thesis -- Tufts University, 2015.</marc:subfield>
      </marc:datafield>
      <marc:datafield tag="520" ind1="" ind2="">
         <marc:subfield code="a">A critical examination of the Holocaust film genre and its most notable works and a production log detailing the filmmaking process of the documentary 'The Inheritors: A Return to Bergen-Belsen.'</marc:subfield>
      </marc:datafield>
      <marc:datafield tag="590" ind1="" ind2="">
         <marc:subfield code="a">Tufts Senior Honors thesis.</marc:subfield>
      </marc:datafield>
      <marc:datafield tag="650" ind1="" ind2="0">
         <marc:subfield code="a">Holocaust, Jewish (1939-1945), in motion pictures.</marc:subfield>
      </marc:datafield>
      <marc:datafield tag="650" ind1="" ind2="0">
         <marc:subfield code="a">Documentary films</marc:subfield><marc:subfield code="x">Production and direction.</marc:subfield>
      </marc:datafield>
      <marc:datafield tag="655" ind1="" ind2="7">
         <marc:subfield code="a">Electronic dissertations.</marc:subfield>
         <marc:subfield code="2">lcgft</marc:subfield>
      </marc:datafield>
      <marc:datafield tag="655" ind1="" ind2="7">
         <marc:subfield code="a">Tufts dissertations and theses.</marc:subfield>
         <marc:subfield code="2">local</marc:subfield>
      </marc:datafield>
      <marc:datafield tag="710" ind1="2" ind2="">
         <marc:subfield code="a">Tufts University. International Literary and Visual Studies.</marc:subfield>
      </marc:datafield>
      <marc:datafield tag="856" ind1="4" ind2="0">
         <marc:subfield code="z">Full Text -- Tufts Digital Library</marc:subfield>
         <marc:subfield code="u">http://hdl.handle.net/10427/001141</marc:subfield>
      </marc:datafield>
      <marc:datafield tag="910" ind1="" ind2="">
         <marc:subfield code="a">Title also cataloged in DL by Tisch.</marc:subfield>
      </marc:datafield>
   </marc:record>