
   <marc:record>
      <marc:leader>00000nam  2200361Ii 4500</marc:leader>
      <marc:controlfield tag="006">m|||||o||d |||||||</marc:controlfield>
      <marc:controlfield tag="007">cr |||||||||||</marc:controlfield>
      <marc:controlfield tag="008">130321s2014\\\\xxu\\\\\om\\\\\\\\\\eng\d</marc:controlfield>
      <marc:datafield tag="040" ind1="" ind2="">
         <marc:subfield code="a">TFW</marc:subfield>
         <marc:subfield code="b">eng</marc:subfield>
         <marc:subfield code="e">rda</marc:subfield>
         <marc:subfield code="c">TFW</marc:subfield>
      </marc:datafield>
      <marc:datafield tag="042" ind1="" ind2="">
         <marc:subfield code="a">dc</marc:subfield>
      </marc:datafield>
      <marc:datafield tag="100" ind1="1" ind2="">
         <marc:subfield code="a">McDaniel, Sarah A</marc:subfield>
      </marc:datafield>
      <marc:datafield tag="245" ind1="1" ind2="0">
         <marc:subfield code="a">(no subject): The Queer Contingency of Correspondent Being /</marc:subfield>
         <marc:subfield code="c">Sarah A. McDaniel.</marc:subfield>
      </marc:datafield>
      <marc:datafield tag="264" ind1="" ind2="1">
         <marc:subfield code="c">2015.</marc:subfield>
      </marc:datafield>
      <marc:datafield tag="300" ind1="" ind2="">
         <marc:subfield code="a">1 online resource.</marc:subfield>
      </marc:datafield>
      <marc:datafield tag="336" ind1="" ind2="">
         <marc:subfield code="a">text</marc:subfield>
         <marc:subfield code="b">txt</marc:subfield>
         <marc:subfield code="2">rdacontent</marc:subfield>
      </marc:datafield>
      <marc:datafield tag="337" ind1="" ind2="">
         <marc:subfield code="a">computer</marc:subfield>
         <marc:subfield code="b">c</marc:subfield>
         <marc:subfield code="2">rdamedia</marc:subfield>
      </marc:datafield>
      <marc:datafield tag="338" ind1="" ind2="">
         <marc:subfield code="a">online resource</marc:subfield>
         <marc:subfield code="b">cr</marc:subfield>
         <marc:subfield code="2">rdacarrier</marc:subfield>
      </marc:datafield>
      <marc:datafield tag="500" ind1="" ind2="">
         <marc:subfield code="a"/>
      </marc:datafield>
      <marc:datafield tag="502" ind1="" ind2="">
         <marc:subfield code="a">Senior honors thesis -- Tufts University, 2015.</marc:subfield>
      </marc:datafield>
      <marc:datafield tag="520" ind1="" ind2="">
         <marc:subfield code="a">Correspondence, a relation of mutual response, is a queer affair. Because response only occurs in the future, correspondence is predicated upon and invested in a future that is continuously and indefinitely deferred. To be a correspondent -- to be co-respondent -- is, I argue, to occupy a contingent and queer position: once one has entered into a correspondence, one has entered into a state of indefinite wait, always anticipating a letter that may never come. This thesis seeks to agitate perceptions, readings, and understandings of correspondence by insisting upon its queerness and incoherence. On the one hand, I explore epistolary correspondence as something more (or something other) than a set of pure biographical data or a coherent narrative. On the other, I explore correspondent relationality as theoretical praxis or reading practice -- in applying it to texts not specifically epistolary in form as a way of examining the relation of queerness and contingency to text and reading more generally. Engaging two principal theoretical traditions -- queer theory and deconstructionist and post-structuralist literary theory -- I explore in each chapter a different figure for the indefinite non-definition of correspondent and literary relationality: suture (of letters, literature, or identity), 'the fold' (of the letter, of a societal margin, of/as 'queer community'), and the ever-receding line of the horizon.</marc:subfield>
      </marc:datafield>
      <marc:datafield tag="590" ind1="" ind2="">
         <marc:subfield code="a">Tufts Senior Honors thesis.</marc:subfield>
      </marc:datafield>
      <marc:datafield tag="650" ind1="" ind2="0">
         <marc:subfield code="a">Letters in literature.</marc:subfield>
      </marc:datafield>
      <marc:datafield tag="650" ind1="" ind2="0">
         <marc:subfield code="a">Queer theory.</marc:subfield>
      </marc:datafield>
      <marc:datafield tag="650" ind1="" ind2="0">
         <marc:subfield code="a">Poststructuralism.</marc:subfield>
      </marc:datafield>
      <marc:datafield tag="655" ind1="" ind2="7">
         <marc:subfield code="a">Electronic dissertations.</marc:subfield>
         <marc:subfield code="2">lcgft</marc:subfield>
      </marc:datafield>
      <marc:datafield tag="655" ind1="" ind2="7">
         <marc:subfield code="a">Tufts dissertations and theses.</marc:subfield>
         <marc:subfield code="2">local</marc:subfield>
      </marc:datafield>
      <marc:datafield tag="710" ind1="2" ind2="">
         <marc:subfield code="a">Tufts University. Department of English.</marc:subfield>
      </marc:datafield>
      <marc:datafield tag="856" ind1="4" ind2="0">
         <marc:subfield code="z">Full Text -- Tufts Digital Library</marc:subfield>
         <marc:subfield code="u">http://hdl.handle.net/10427/001145</marc:subfield>
      </marc:datafield>
      <marc:datafield tag="910" ind1="" ind2="">
         <marc:subfield code="a">Title also cataloged in DL by Tisch.</marc:subfield>
      </marc:datafield>
   </marc:record>